%% This BibTeX bibliography file was created using BibDesk.
%% http://bibdesk.sourceforge.net/


%% Created for Aziz at 2019-01-06 09:37:32 -0500


%% Saved with string encoding Unicode (UTF-8)



@conference{Mikolov2013nn,
	Author = {Tomas Mikolov and Ilya Sutskever and Kai Chen and Greg Corrado and Jeff Dean and Quoc Le and Thomas Strohmann},
	Date-Added = {2017-04-10 19:12:15 +0000},
	Date-Modified = {2017-04-10 19:15:15 +0000},
	Publisher = {NIPS Deep Learning Workshop},
	Title = {Learning Representations of Text using Neural Networks},
	Year = {2013}}

@book{Goodfellow-et-al-2016,
	Author = {	 Goodfellow and Yoshua Bengio and Aaron Courville},
	Note = {\url{http://www.deeplearningbook.org}},
	Publisher = {MIT Press},
	Title = {Deep Learning},
	Year = {2016}}

@book{Chollet2017dl,
	Author = {	 Francois Chollet},
	Publisher = {Manning Publications},
	Title = {Deep Learning with Python},
	Year = {2017}}

@article{sahlgren2008distributional,
	Author = {Sahlgren, Magnus},
	Journal = {Italian Journal of Linguistics},
	Number = {1},
	Pages = {33--54},
	Title = {The distributional hypothesis},
	Volume = {20},
	Year = {2008}}

@article{Mikolov:2013wc,
	Author = {Mikolov, Tomas and Chen, Kai and Corrado, Greg and Dean, Jeffrey},
	Eprint = {1301.3781v3},
	Eprintclass = {cs.CL},
	Eprinttype = {arxiv},
	Journal = {arXiv.org},
	Month = jan,
	Title = {Efficient Estimation of Word Representations in Vector Space},
	Year = {2013}}

@article{Mikolov:2013uz,
	Author = {Mikolov, Tomas and Sutskever, Ilya and Chen, Kai and Corrado, Greg and Dean, Jeffrey},
	Date-Modified = {2017-03-11 03:31:03 +0000},
	Journal = {AAAI Spring Symposium AI Technologies for Homeland Security 200591-98},
	Pages = {3111--3119},
	Title = {Distributed Representations of Words and Phrases and their Compositionality.},
	Volume = {cs.CL},
	Year = {2013}}

@article{Mikolov:2013wl,
	Author = {Mikolov, Tomas and Yih, Wen-tau and Zweig, Geoffrey},
	Journal = {HLT-NAACL},
	Pages = {746--751},
	Title = {Linguistic Regularities in Continuous Space Word Representations.},
	Year = {2013}}

@article{Mikolov:2015wv,
	Author = {Mikolov, Tomas},
	Month = oct,
	Pages = {1--133},
	Title = {Statistical Language Models Based on Neural Networks},
	Year = {2015}}

@article{Le:2014vd,
	Author = {Le, Quoc V and Mikolov, Tomas},
	Journal = {AAAI Spring Symposium AI Technologies for Homeland Security 200591-98},
	Pages = {1188--1196},
	Title = {Distributed Representations of Sentences and Documents.},
	Volume = {cs.CL},
	Year = {2014}}

@article{Joulin:2016uo,
	Author = {Joulin, Armand and Grave, Edouard and Bojanowski, Piotr and Mikolov, Tomas},
	Eprint = {1607.01759v2},
	Eprintclass = {cs.CL},
	Eprinttype = {arxiv},
	Journal = {arXiv.org},
	Month = jul,
	Title = {{Bag of Tricks for Efficient Text Classification}},
	Year = {2016}}

@misc{Olah:2014,
	Author = {Christopher Olah},
	Howpublished = {\url{http://colah.github.io/posts/2014-07-NLP-RNNs-Representations/}},
	Note = {[Online; accessed 26-January-2017]},
	Title = {Deep Learning, NLP, and Representations},
	Year = {2014}}

@misc{Ruder:2016,
	Author = {Sebastian Ruder},
	Howpublished = {\url{http://sebastianruder.com/word-embeddings-1/}},
	Note = {[Online; accessed 26-January-2017]},
	Title = {On Word Embeddings - Part1},
	Year = {2016}}

@article{Bengio:2013bu,
	Author = {Bengio, Yoshua and Courville, Aaron and Vincent, Pascal},
	Journal = {IEEE Transactions on Pattern Analysis and Machine Intelligence},
	Month = aug,
	Number = {8},
	Pages = {1798--1828},
	Title = {Representation Learning: A Review and New Perspectives},
	Volume = {35},
	Year = {2013}}

@article{Pennington:2014uw,
	Author = {Pennington, Jeffrey and Socher, Richard and Manning, Christopher D},
	Journal = {EMNLP},
	Pages = {1532--1543},
	Title = {GloVe: Global Vectors for Word Representation.},
	Year = {2014}}

@article{Fu:2014tf,
	Author = {Fu, R and Guo, J and Qin, B and Che, W and Wang, H and Liu, T},
	Journal = {ACL (1)},
	Title = {Learning Semantic Hierarchies via Word Embeddings.},
	Year = {2014}}

@article{Kommers:um,
	Author = {Kommers, C and Ustun, V and Demski, A and Rosenbloom, P},
	Journal = {cs.usc.edu},
	Title = {Hierarchical Reasoning with Distributed Vector Representations}}

@inproceedings{baroni2014don,
	Author = {Baroni, Marco and Dinu, Georgiana and Kruszewski, Germ{\'a}n},
	Booktitle = {ACL (1)},
	Pages = {238--247},
	Title = {Don't count, predict! A systematic comparison of context-counting vs. context-predicting semantic vectors.},
	Year = {2014}}

@article{Rong:2014uw,
	Author = {Rong, Xin},
	Journal = {CoRR abs/1411.2738},
	Title = {word2vec Parameter Learning Explained.},
	Year = {2014}}

@article{Goldberg:2014uy,
	Author = {Goldberg, Yoav and Levy, Omer},
	Eprint = {1402.3722v1},
	Eprintclass = {cs.CL},
	Eprinttype = {arxiv},
	Journal = {arXiv.org},
	Month = feb,
	Title = {word2vec Explained: deriving Mikolov et al.'s negative-sampling word-embedding method},
	Year = {2014}}

@article{goldberg2016primer,
	Author = {Goldberg, Yoav},
	Journal = {Journal of Artificial Intelligence Research},
	Pages = {345--420},
	Title = {A primer on neural network models for natural language processing},
	Volume = {57},
	Year = {2016}}

@article{Levy:2015us,
	Author = {Levy, Omer and Goldberg, Yoav and Dagan, Ido},
	Journal = {Transactions of the Association for Computational Linguistics},
	Month = may,
	Number = {0},
	Pages = {211--225},
	Title = {Improving Distributional Similarity with Lessons Learned from Word Embeddings},
	Volume = {3},
	Year = {2015}}

@article{Mesnil:2014ti,
	Author = {Mesnil, Gr{\'e}goire and Mikolov, Tomas and Ranzato, Marc'Aurelio and Bengio, Yoshua},
	Journal = {AAAI Spring Symposium AI Technologies for Homeland Security 200591-98},
	Title = {Ensemble of Generative and Discriminative Techniques for Sentiment Analysis of Movie Reviews.},
	Volume = {cs.CL},
	Year = {2014}}

@article{Bengio:2003vh,
	Author = {Bengio, Yoshua and Ducharme, Rejean and Vincent, Pascal and Jauvin, Christian},
	Journal = {journal of machine learning research},
	Number = {Feb},
	Pages = {1137--1155},
	Title = {A neural probabilistic language model},
	Volume = {3},
	Year = {2003}}

@article{Manning:2015kh,
	Author = {Manning, Christopher D},
	Journal = {COLING},
	Number = {4},
	Pages = {701--707},
	Title = {Computational Linguistics and Deep Learning},
	Volume = {41},
	Year = {2015}}

@article{turney2010frequency,
	Author = {Turney, Peter D and Pantel, Patrick},
	Journal = {Journal of artificial intelligence research},
	Pages = {141--188},
	Title = {From frequency to meaning: Vector space models of semantics},
	Volume = {37},
	Year = {2010}}

@inproceedings{sklearn_api,
	Author = {Lars Buitinck and Gilles Louppe and Mathieu Blondel and Fabian Pedregosa and Andreas Mueller and Olivier Grisel and Vlad Niculae and Peter Prettenhofer and Alexandre Gramfort and Jaques Grobler and Robert Layton and Jake VanderPlas and Arnaud Joly and Brian Holt and Ga{\"{e}}l Varoquaux},
	Booktitle = {ECML PKDD Workshop: Languages for Data Mining and Machine Learning},
	Pages = {108--122},
	Title = {{API} design for machine learning software: experiences from the scikit-learn project},
	Year = {2013}}

@article{copeland2004essential,
	Author = {Copeland, B Jack},
	Journal = {Artificial Intelligence, and Artificial Life, plus The Secrets of Enigma. Oxford University Press, Walton Street, Oxford OX2 6DP, UK},
	Title = {The Essential Turing: Seminal Writings in Computing, Logic, Philosophy},
	Year = {2004}}

@article{nastase2013semantic,
	Author = {Nastase, Vivi and Nakov, Preslav and Seaghdha, Diarmuid O and Szpakowicz, Stan},
	Journal = {Synthesis Lectures on Human Language Technologies},
	Number = {1},
	Pages = {1--119},
	Publisher = {Morgan \& Claypool Publishers},
	Title = {Semantic relations between nominals},
	Volume = {6},
	Year = {2013}}

@book{tesniere1959elements,
	Author = {Tesni{\`e}re, Lucien},
	Publisher = {Librairie C. Klincksieck},
	Title = {El{\'e}ments de syntaxe structurale},
	Year = {1959}}

@article{nickel2016review,
	Author = {Nickel, Maximilian and Murphy, Kevin and Tresp, Volker and Gabrilovich, Evgeniy},
	Journal = {Proceedings of the IEEE},
	Number = {1},
	Pages = {11--33},
	Publisher = {IEEE},
	Title = {A review of relational machine learning for knowledge graphs},
	Volume = {104},
	Year = {2016}}

@inproceedings{bordes2013translating,
	Author = {Bordes, Antoine and Usunier, Nicolas and Garcia-Duran, Alberto and Weston, Jason and Yakhnenko, Oksana},
	Booktitle = {Advances in neural information processing systems},
	Pages = {2787--2795},
	Title = {Translating embeddings for modeling multi-relational data},
	Year = {2013}}

@article{nickel2015holographic,
	Author = {Nickel, Maximilian and Rosasco, Lorenzo and Poggio, Tomaso},
	Journal = {arXiv preprint arXiv:1510.04935},
	Title = {Holographic embeddings of knowledge graphs},
	Year = {2015}}

@inproceedings{altowayan2017word,
	Author = {Altowayan, A. Aziz and Elnagar, Ashraf},
	Booktitle = {(Big Data 2017), 2017 IEEE International Conference on Big Data},
	Organization = {IEEE},
	Title = {Improving Arabic Sentiment Analysis with Sentiment-Specific Embeddings},
	Year = {2017}}

@inproceedings{altowayan2016word,
	Author = {Altowayan, A. Aziz and Tao, Lixin},
	Booktitle = {(Big Data 2016), 2016 IEEE International Conference on Big Data},
	Organization = {IEEE},
	Pages = {3820--3825},
	Title = {Word embeddings for Arabic sentiment analysis},
	Year = {2016}}

@inproceedings{altowayan2015simplified,
	Author = {Altowayan, A. Aziz and Tao, Lixin},
	Booktitle = {High Performance Computing and Communications (HPCC), 2015 IEEE 7th International Symposium on Cyberspace Safety and Security (CSS)},
	Organization = {IEEE},
	Pages = {1399--1405},
	Title = {Simplified approach for representing part-whole relations in OWL-DL ontologies},
	Year = {2015}}

@inproceedings{xiao2016transfig,
	Author = {Xiao, Han and Huang, Minlie and Zhu, Xiaoyan},
	Booktitle = {Proceedings of the 29th international conference on computational linguistics. Association for Computational Linguistics},
	Title = {Transfig: A generative model for knowledge graph embedding},
	Year = {2016}}

@article{santos2015classifying,
	Author = {Santos, Cicero Nogueira dos and Xiang, Bing and Zhou, Bowen},
	Journal = {arXiv preprint arXiv:1504.06580},
	Title = {Classifying relations by ranking with convolutional neural networks},
	Year = {2015}}

@inproceedings{suchanek2007yago,
	Author = {Suchanek, Fabian M and Kasneci, Gjergji and Weikum, Gerhard},
	Booktitle = {Proceedings of the 16th international conference on World Wide Web},
	Organization = {ACM},
	Pages = {697--706},
	Title = {Yago: a core of semantic knowledge},
	Year = {2007}}

@inproceedings{bollacker2008freebase,
	Author = {Bollacker, Kurt and Evans, Colin and Paritosh, Praveen and Sturge, Tim and Taylor, Jamie},
	Booktitle = {Proceedings of the 2008 ACM SIGMOD international conference on Management of data},
	Organization = {AcM},
	Pages = {1247--1250},
	Title = {Freebase: a collaboratively created graph database for structuring human knowledge},
	Year = {2008}}

@incollection{auer2007dbpedia,
	Author = {Auer, S{\"o}ren and Bizer, Christian and Kobilarov, Georgi and Lehmann, Jens and Cyganiak, Richard and Ives, Zachary},
	Booktitle = {The semantic web},
	Pages = {722--735},
	Publisher = {Springer},
	Title = {Dbpedia: A nucleus for a web of open data},
	Year = {2007}}

@inproceedings{dong2014knowledge,
	Author = {Dong, Xin and Gabrilovich, Evgeniy and Heitz, Geremy and Horn, Wilko and Lao, Ni and Murphy, Kevin and Strohmann, Thomas and Sun, Shaohua and Zhang, Wei},
	Booktitle = {Proceedings of the 20th ACM SIGKDD international conference on Knowledge discovery and data mining},
	Organization = {ACM},
	Pages = {601--610},
	Title = {Knowledge vault: A web-scale approach to probabilistic knowledge fusion},
	Year = {2014}}

@inproceedings{carlson2010toward,
	Author = {Carlson, Andrew and Betteridge, Justin and Kisiel, Bryan and Settles, Burr and Hruschka Jr, Estevam R and Mitchell, Tom M},
	Booktitle = {AAAI},
	Pages = {3},
	Title = {Toward an Architecture for Never-Ending Language Learning.},
	Volume = {5},
	Year = {2010}}

@article{singhal2012introducing,
	Author = {Singhal, Amit},
	Journal = {Official google blog},
	Title = {Introducing the knowledge graph: things, not strings},
	Url = {https://googleblog.blogspot.com/2012/05/introducing-knowledge-graph-things-not.html},
	Year = {2012},
	Bdsk-Url-1 = {https://googleblog.blogspot.com/2012/05/introducing-knowledge-graph-things-not.html}}

@article{miller1995wordnet,
	Author = {Miller, George A},
	Journal = {Communications of the ACM},
	Number = {11},
	Pages = {39--41},
	Publisher = {ACM},
	Title = {WordNet: a lexical database for English},
	Volume = {38},
	Year = {1995}}

@article{gene2004gene,
	Author = {Gene Ontology Consortium and others},
	Journal = {Nucleic acids research},
	Number = {suppl 1},
	Pages = {D258--D261},
	Publisher = {Oxford Univ Press},
	Title = {The Gene Ontology (GO) database and informatics resource},
	Volume = {32},
	Year = {2004}}

@article{momtchev2009expanding,
	Author = {Momtchev, Vassil and Peychev, Deyan and Primov, Todor and Georgiev, Georgi},
	Journal = {Proc. of International Semantic Web Challenge},
	Title = {Expanding the pathway and interaction knowledge in linked life data},
	Year = {2009}}

@article{firth1957synopsis,
	Author = {Firth, John R},
	Publisher = {Blackwell},
	Title = {A synopsis of linguistic theory, 1930-1955},
	Year = {1957}}

@inproceedings{zeng2014relation,
	Author = {Zeng, Daojian and Liu, Kang and Lai, Siwei and Zhou, Guangyou and Zhao, Jun and others},
	Booktitle = {COLING},
	Pages = {2335--2344},
	Title = {Relation Classification via Convolutional Deep Neural Network.},
	Year = {2014}}

@inproceedings{ebrahimi2015chain,
	Author = {Ebrahimi, Javid and Dou, Dejing},
	Booktitle = {HLT-NAACL},
	Pages = {1244--1249},
	Title = {Chain Based RNN for Relation Classification.},
	Year = {2015}}

@article{vu2016combining,
	Author = {Vu, Ngoc Thang and Adel, Heike and Gupta, Pankaj and Sch{\"u}tze, Hinrich},
	Journal = {arXiv preprint arXiv:1605.07333},
	Title = {Combining recurrent and convolutional neural networks for relation classification},
	Year = {2016}}

@inproceedings{xu2015classifying,
	Author = {Xu, Yan and Mou, Lili and Li, Ge and Chen, Yunchuan and Peng, Hao and Jin, Zhi},
	Booktitle = {EMNLP},
	Pages = {1785--1794},
	Title = {Classifying Relations via Long Short Term Memory Networks along Shortest Dependency Paths.},
	Year = {2015}}

@article{nguyen2016stranse,
	Author = {Nguyen, Dat Quoc and Sirts, Kairit and Qu, Lizhen and Johnson, Mark},
	Journal = {arXiv preprint arXiv:1606.08140},
	Title = {STransE: a novel embedding model of entities and relationships in knowledge bases},
	Year = {2016}}

@article{nguyen2016neighborhood,
	Author = {Nguyen, Dat Quoc and Sirts, Kairit and Qu, Lizhen and Johnson, Mark},
	Journal = {arXiv preprint arXiv:1606.06461},
	Title = {Neighborhood Mixture Model for Knowledge Base Completion},
	Year = {2016}}

@inproceedings{lin2015learning,
	Author = {Lin, Yankai and Liu, Zhiyuan and Sun, Maosong and Liu, Yang and Zhu, Xuan},
	Booktitle = {AAAI},
	Pages = {2181--2187},
	Title = {Learning Entity and Relation Embeddings for Knowledge Graph Completion.},
	Year = {2015}}

@inproceedings{bordes2012joint,
	Author = {Bordes, Antoine and Glorot, Xavier and Weston, Jason and Bengio, Yoshua},
	Booktitle = {AISTATS},
	Pages = {127--135},
	Title = {Joint Learning of Words and Meaning Representations for Open-Text Semantic Parsing.},
	Volume = {22},
	Year = {2012}}

@article{yang2014embedding,
	Author = {Yang, Bishan and Yih, Wen-tau and He, Xiaodong and Gao, Jianfeng and Deng, Li},
	Journal = {arXiv preprint arXiv:1412.6575},
	Title = {Embedding entities and relations for learning and inference in knowledge bases},
	Year = {2014}}

@article{bengio2013representation,
	Author = {Bengio, Yoshua and Courville, Aaron and Vincent, Pascal},
	Journal = {IEEE transactions on pattern analysis and machine intelligence},
	Number = {8},
	Pages = {1798--1828},
	Publisher = {IEEE},
	Title = {Representation learning: A review and new perspectives},
	Volume = {35},
	Year = {2013}}

@article{cho2015natural,
	Author = {Cho, Kyunghyun},
	Journal = {arXiv preprint arXiv:1511.07916},
	Title = {Natural language understanding with distributed representation},
	Year = {2015}}

@article{garcia2016combining,
	Author = {Garc{\'\i}a-Dur{\'a}n, Alberto and Bordes, Antoine and Usunier, Nicolas and Grandvalet, Yves},
	Journal = {Journal of Artificial Intelligence Research},
	Pages = {715--742},
	Title = {Combining two and three-way embedding models for link prediction in knowledge bases},
	Volume = {55},
	Year = {2016}}

@inproceedings{nickel2011three,
	Author = {Nickel, Maximilian and Tresp, Volker and Kriegel, Hans-Peter},
	Booktitle = {Proceedings of the 28th international conference on machine learning (ICML-11)},
	Pages = {809--816},
	Title = {A three-way model for collective learning on multi-relational data},
	Year = {2011}}

@article{bojanowski2016enriching,
	Author = {Bojanowski, Piotr and Grave, Edouard and Joulin, Armand and Mikolov, Tomas},
	Journal = {arXiv preprint arXiv:1607.04606},
	Title = {Enriching Word Vectors with Subword Information},
	Year = {2016}}

@article{joulin2016bag,
	Author = {Joulin, Armand and Grave, Edouard and Bojanowski, Piotr and Mikolov, Tomas},
	Journal = {arXiv preprint arXiv:1607.01759},
	Title = {Bag of Tricks for Efficient Text Classification},
	Year = {2016}}

@article{harris1954distributional,
	Author = {Harris, Zellig S},
	Journal = {Word},
	Number = {2-3},
	Pages = {146--162},
	Publisher = {Taylor \& Francis},
	Title = {Distributional structure},
	Volume = {10},
	Year = {1954}}

@article{turney2008latent,
	Author = {Turney, Peter D},
	Journal = {Journal of Artificial Intelligence Research},
	Pages = {615--655},
	Title = {The latent relation mapping engine: Algorithm and experiments},
	Volume = {33},
	Year = {2008}}

@article{hermann2014distributed,
	Author = {Hermann, Karl Moritz},
	Journal = {arXiv preprint arXiv:1411.3146},
	Title = {Distributed representations for compositional semantics},
	Year = {2014}}

@misc{tensorflow2015-whitepaper,
	Author = {Mart\'{\i}n~Abadi and Ashish~Agarwal and Paul~Barham and Eugene~Brevdo and Zhifeng~Chen and Craig~Citro and Greg~S.~Corrado and Andy~Davis and Jeffrey~Dean and Matthieu~Devin and Sanjay~Ghemawat and Ian~Goodfellow and Andrew~Harp and Geoffrey~Irving and Michael~Isard and Yangqing Jia and Rafal~Jozefowicz and Lukasz~Kaiser and Manjunath~Kudlur and Josh~Levenberg and Dan~Man\'{e} and Rajat~Monga and Sherry~Moore and Derek~Murray and Chris~Olah and Mike~Schuster and Jonathon~Shlens and Benoit~Steiner and Ilya~Sutskever and Kunal~Talwar and Paul~Tucker and Vincent~Vanhoucke and Vijay~Vasudevan and Fernanda~Vi\'{e}gas and Oriol~Vinyals and Pete~Warden and Martin~Wattenberg and Martin~Wicke and Yuan~Yu and Xiaoqiang~Zheng},
	Note = {Software available from tensorflow.org},
	Title = {{TensorFlow}: Large-Scale Machine Learning on Heterogeneous Systems},
	Url = {http://tensorflow.org/},
	Year = {2015},
	Bdsk-Url-1 = {http://tensorflow.org/}}

@article{richardson2006markov,
	Author = {Richardson, Matthew and Domingos, Pedro},
	Journal = {Machine learning},
	Number = {1},
	Pages = {107--136},
	Publisher = {Springer},
	Title = {Markov logic networks},
	Volume = {62},
	Year = {2006}}

@inproceedings{socher2013recursive,
	Author = {Socher, Richard and Perelygin, Alex and Wu, Jean Y and Chuang, Jason and Manning, Christopher D and Ng, Andrew Y and Potts, Christopher and others},
	Booktitle = {Proceedings of the conference on empirical methods in natural language processing (EMNLP)},
	Organization = {Citeseer},
	Pages = {1642},
	Title = {Recursive deep models for semantic compositionality over a sentiment treebank},
	Volume = {1631},
	Year = {2013}}

@inproceedings{socher2012semantic,
	Author = {Socher, Richard and Huval, Brody and Manning, Christopher D and Ng, Andrew Y},
	Booktitle = {Proceedings of the 2012 Joint Conference on Empirical Methods in Natural Language Processing and Computational Natural Language Learning},
	Organization = {Association for Computational Linguistics},
	Pages = {1201--1211},
	Title = {Semantic compositionality through recursive matrix-vector spaces},
	Year = {2012}}

@inproceedings{yu2014factor,
	Author = {Yu, Mo and Gormley, Matthew and Dredze, Mark},
	Booktitle = {NIPS Workshop on Learning Semantics},
	Pages = {95--101},
	Title = {Factor-based compositional embedding models},
	Year = {2014}}

@inproceedings{hendrickx2009semeval,
	Author = {Hendrickx, Iris and Kim, Su Nam and Kozareva, Zornitsa and Nakov, Preslav and {\'O} S{\'e}aghdha, Diarmuid and Pad{\'o}, Sebastian and Pennacchiotti, Marco and Romano, Lorenza and Szpakowicz, Stan},
	Booktitle = {Proceedings of the Workshop on Semantic Evaluations: Recent Achievements and Future Directions},
	Organization = {Association for Computational Linguistics},
	Pages = {94--99},
	Title = {Semeval-2010 task 8: Multi-way classification of semantic relations between pairs of nominals},
	Year = {2009}}

@book{getoor2007introduction,
	Author = {Getoor, Lise},
	Publisher = {MIT press},
	Title = {Introduction to statistical relational learning},
	Year = {2007}}

@article{taskar2007relational,
	Author = {Taskar, Ben and Abbeel, Pieter and Wong, Ming-Fai and Koller, Daphne},
	Journal = {Introduction to statistical relational learning},
	Pages = {175--200},
	Publisher = {MIT Press},
	Title = {Relational markov networks},
	Year = {2007}}

@inproceedings{mnih2007three,
	Author = {Mnih, Andriy and Hinton, Geoffrey},
	Booktitle = {Proceedings of the 24th international conference on Machine learning},
	Organization = {ACM},
	Pages = {641--648},
	Title = {Three new graphical models for statistical language modelling},
	Year = {2007}}

@article{goldberg2017neural,
	Author = {Goldberg, Yoav},
	Journal = {Synthesis Lectures on Human Language Technologies},
	Number = {1},
	Pages = {1--309},
	Publisher = {Morgan \& Claypool Publishers},
	Title = {Neural Network Methods for Natural Language Processing},
	Volume = {10},
	Year = {2017}}

@article{ferrone2017symbolic,
	Author = {Ferrone, Lorenzo and Zanzotto, Fabio Massimo},
	Journal = {arXiv preprint arXiv:1702.00764},
	Title = {Symbolic, Distributed and Distributional Representations for Natural Language Processing in the Era of Deep Learning: a Survey},
	Year = {2017}}

@inproceedings{nickel2013tensor,
	Author = {Nickel, Maximilian and Tresp, Volker},
	Booktitle = {Joint European Conference on Machine Learning and Knowledge Discovery in Databases},
	Organization = {Springer},
	Pages = {617--621},
	Title = {Tensor factorization for multi-relational learning},
	Year = {2013}}

@inproceedings{arora2017simple,
	Author = {Arora, Sanjeev and Liang, Yingyu and Ma, Tengyu},
	Booktitle = {International Conference on Learning Representations. To Appear},
	Title = {A simple but tough-to-beat baseline for sentence embeddings},
	Year = {2017}}

@article{hashimoto2016word,
	Author = {Hashimoto, Tatsunori B and Alvarez-Melis, David and Jaakkola, Tommi S},
	Journal = {Transactions of the Association for Computational Linguistics},
	Pages = {273--286},
	Title = {Word embeddings as metric recovery in semantic spaces},
	Volume = {4},
	Year = {2016}}

@inproceedings{collobert2008unified,
	Author = {Collobert, Ronan and Weston, Jason},
	Booktitle = {Proceedings of the 25th international conference on Machine learning},
	Organization = {ACM},
	Pages = {160--167},
	Title = {A unified architecture for natural language processing: Deep neural networks with multitask learning},
	Year = {2008}}

@article{arora2016latent,
	Author = {Arora, Sanjeev and Li, Yuanzhi and Liang, Yingyu and Ma, Tengyu and Risteski, Andrej},
	Journal = {Transactions of the Association for Computational Linguistics},
	Pages = {385--399},
	Title = {A latent variable model approach to PMI-based word embeddings},
	Volume = {4},
	Year = {2016}}

@article{grave2016efficient,
	Author = {Grave, Edouard and Joulin, Armand and Ciss{\'e}, Moustapha and Grangier, David and J{\'e}gou, Herv{\'e}},
	Journal = {arXiv preprint arXiv:1609.04309},
	Title = {Efficient softmax approximation for GPUs},
	Year = {2016}}

@article{wen2016representation,
	Author = {Wen, Jianfeng and Li, Jianxin and Mao, Yongyi and Chen, Shini and Zhang, Richong},
	Journal = {arXiv preprint arXiv:1604.08642},
	Title = {On the representation and embedding of knowledge bases beyond binary relations},
	Year = {2016}}

@inproceedings{wang2014knowledge,
	Author = {Wang, Zhen and Zhang, Jianwen and Feng, Jianlin and Chen, Zheng},
	Booktitle = {EMNLP},
	Organization = {Citeseer},
	Pages = {1591--1601},
	Title = {Knowledge Graph and Text Jointly Embedding.},
	Volume = {14},
	Year = {2014}}

@inproceedings{wang2014knowledgeb,
	Author = {Wang, Zhen and Zhang, Jianwen and Feng, Jianlin and Chen, Zheng},
	Booktitle = {AAAI},
	Organization = {Citeseer},
	Pages = {1112--1119},
	Title = {Knowledge Graph Embedding by Translating on Hyperplanes.},
	Year = {2014}}

@inproceedings{trouillon2016complex,
	Author = {Trouillon, Th\'eo and Welbl, Johannes and Riedel, Sebastian and Gaussier, \'Eric and Bouchard, Guillaume},
	Booktitle = {International Conference on Machine Learning (ICML)},
	Pages = {2071--2080},
	Title = {{Complex embeddings for simple link prediction}},
	Volume = {48},
	Year = {2016}}

@article{rubenstein1965contextual,
	Author = {Rubenstein, Herbert and Goodenough, John B},
	Journal = {Communications of the ACM},
	Number = {10},
	Pages = {627--633},
	Publisher = {ACM},
	Title = {Contextual correlates of synonymy},
	Volume = {8},
	Year = {1965}}

@inproceedings{luo2015context,
	Author = {Luo, Yuanfei and Wang, Quan and Wang, Bin and Guo, Li},
	Booktitle = {EMNLP},
	Pages = {1656--1661},
	Title = {Context-Dependent Knowledge Graph Embedding.},
	Year = {2015}}

@inproceedings{nickel2010three,
	Author = {Nickel, Maximilian and Tresp, Volker},
	Booktitle = {NIPS 2010 Workshop-Tensors, Kernels and Machine Learning. Whistler, Canada},
	Title = {Three-Way DEDICOM for Relational Learning},
	Year = {2010}}

@article{cai2017kbgan,
	Author = {Cai, Liwei and Wang, William Yang},
	Journal = {arXiv preprint arXiv:1711.04071},
	Title = {Kbgan: Adversarial learning for knowledge graph embeddings},
	Year = {2017}}

@article{Wang:2017kx,
	Author = {Wang, Quan and Mao, Zhendong and Wang, Bin and Guo, Li},
	Journal = {IEEE Transactions on Knowledge and Data Engineering},
	Month = sep,
	Number = {12},
	Pages = {2724--2743},
	Title = {{Knowledge Graph Embedding: A Survey of Approaches and Applications}},
	Volume = {29},
	Year = {2017}}

@article{Petrochuk:2018wp,
	Author = {Petrochuk, Michael and Zettlemoyer, Luke},
	Eprint = {1804.08798},
	Eprinttype = {arxiv},
	Month = apr,
	Title = {{SimpleQuestions Nearly Solved: A New Upperbound and Baseline Approach}},
	Year = {2018}}
